
@book{mos1,
	address = {Norristown, PA},
	edition = {Second Edition},
	title = {{KIM}-1 {Microcomputer} {Module} {User} {Manual}},
	publisher = {{MOS Technology}},
	month = aug,
	year = {1976},
}

@book{mos2,
	address = {Norristown, PA},
	edition = {Second Edition},
	title = {{MCS6500} {Microcomputer} {Family} {Programming} {Manual}},
	publisher = {{MOS Technology}},
	month = jan,
	year = {1976},
}

@incollection{mos3,
	address = {Norristown, PA},
	edition = {Second Ed.},
	title = {Reset and {Interrupt} {Considerations}},
	booktitle = {{MCS6500} {Microcomputer} {Family} {Programming} {Manual}},
	publisher = {{MOS Technology}},
	year = {1976},
	pages = {124--146},
}

@incollection{mos3,
	address = {Norristown, PA},
	edition = {Second Ed.},
	title = {Expanding {Your} {System}},
	booktitle = {{KIM}-1 {Microcomputer} {Module} {User} {Manual}},
	publisher = {{MOS Technology}},
	year = {1976},
	pages = {71--78},
}

@book{leventhal1,
	address = {Berkeley, CA},
	title = {6502 {Assembly} {Language} {Programming}},
	publisher = {OSBORNE McGraw-Hill},
	author = {Leventhal, Lance A.},
	year = {1979},
}

@misc{ganning1,
	title = {{PAL}-1 {Microcomputer} {User} {Manual}},
	url = {http://pal.aibs.ws/assets/PAL_en.pdf},
	urldate = {2024-08-18},
	author = {Ganning, Liu},
	month = nov,
	year = {2020},
}

@misc{ganning2,
	title = {{PAL}-1 {MOTHERBOARD}},
	url = {http://pal.aibs.ws/assets/Motherboard_manual.pdf},
	urldate = {2024-08-18},
	author = {Ganning, Liu},
	year = {2021},
}

@article{byte1,
	title = {{High-Resolution} {Sprite-Oriented} {Color} {Graphics}},
	publisher = {BYTE Publications Inc},
	author = {Steve Ciarcia},
	month = aug,
	year = {1982},
}

@misc{texas1,
	title = {{TMS9918A}/{TMS9928A}/{TMS9929A} {Video} {Display} {Processors}},
	publisher = {Texas Instruments Inc},
	author = {{Texas Instruments}},
	year = {1982},
}

@techreport{lemense1,
	title = {{SRAM} {Replacement} for {TMS99x8} {VRAM}},
	url = {https://retrobrewcomputers.org/n8vem-pbwiki-archive/0/35845334/48860720/33053543/SRAM%20Replacement%20for%20TMS99x8%20VRAM.pdf},
	urldate = {2024-08-18},
	author = {LeMense, Tom},
	month = jan,
	year = {2010},
}

@misc{werner1,
	type = {Wiki},
	title = {Video {Display} {Interface} {Board}},
	url = {https://www.retrobrewcomputers.org/doku.php?id=boards:ecb:scg:start},
	urldate = {2024-08-18},
	journal = {RetroBrew Computers Wiki},
	author = {Werner, Dan},
}
